
@article{al2015internet,
  title     = {Internet of things: A survey on enabling technologies, protocols, and applications},
  author    = {Al-Fuqaha, Ala and Guizani, Mohsen and Mohammadi, Mehdi and Aledhari, Mohammed and Ayyash, Moussa},
  journal   = {IEEE communications surveys \& tutorials},
  volume    = {17},
  number    = {4},
  pages     = {2347--2376},
  year      = {2015},
  publisher = {IEEE}
}

@article{zanella2014internet,
  title     = {Internet of things for smart cities},
  author    = {Zanella, Andrea and Bui, Nicola and Castellani, Angelo and Vangelista, Lorenzo and Zorzi, Michele},
  journal   = {IEEE Internet of Things journal},
  volume    = {1},
  number    = {1},
  pages     = {22--32},
  year      = {2014},
  publisher = {IEEE}
}

@article{2018cisco,
  title     = {Cisco Edge-to-Enterprise IoT Analytics for Electric Utilities},
  year      = {2018},
  url       = {https://www.cisco.com/c/en/us/solutions/collateral/data-center-virtualization/big-data/solution-overview-c22-740248.pdf}
}

@article{shi2016edge,
  title     = {Edge computing: Vision and challenges},
  author    = {Shi, Weisong and Cao, Jie and Zhang, Quan and Li, Youhuizi and Xu, Lanyu},
  journal   = {IEEE Internet of Things Journal},
  volume    = {3},
  number    = {5},
  pages     = {637--646},
  year      = {2016},
  publisher = {IEEE}
}

@article{deng2016optimal,
  title     = {Optimal workload allocation in fog-cloud computing toward balanced delay and power consumption},
  author    = {Deng, Ruilong and Lu, Rongxing and Lai, Chengzhe and Luan, Tom H and Liang, Hao},
  journal   = {IEEE Internet of Things Journal},
  volume    = {3},
  number    = {6},
  pages     = {1171--1181},
  year      = {2016},
  publisher = {IEEE}
}

@article{morabito2017virtualization,
  title     = {Virtualization on internet of things edge devices with container technologies: a performance evaluation},
  author    = {Morabito, Roberto},
  journal   = {IEEE Access},
  volume    = {5},
  pages     = {8835--8850},
  year      = {2017},
  publisher = {IEEE}
}

@article{gu2018joint,
  title     = {Joint radio and computational resource allocation in IoT fog computing},
  author    = {Gu, Yunan and Chang, Zheng and Pan, Miao and Song, Lingyang and Han, Zhu},
  journal   = {IEEE Transactions on Vehicular Technology},
  volume    = {67},
  number    = {8},
  pages     = {7475--7484},
  year      = {2018},
  publisher = {IEEE}
}

@article{zhang2017computing,
  title     = {Computing resource allocation in three-tier IoT fog networks: A joint optimization approach combining Stackelberg game and matching},
  author    = {Zhang, Huaqing and Xiao, Yong and Bu, Shengrong and Niyato, Dusit and Yu, F Richard and Han, Zhu},
  journal   = {IEEE Internet of Things Journal},
  volume    = {4},
  number    = {5},
  pages     = {1204--1215},
  year      = {2017},
  publisher = {IEEE}
}

@article{liu2018multiobjective,
  title     = {Multiobjective optimization for computation offloading in fog computing},
  author    = {Liu, Liqing and Chang, Zheng and Guo, Xijuan and Mao, Shiwen and Ristaniemi, Tapani},
  journal   = {IEEE Internet of Things Journal},
  volume    = {5},
  number    = {1},
  pages     = {283--294},
  year      = {2018},
  publisher = {IEEE}
}

@CONFERENCE{optimial_price_cloud_valerio,
  author    = {V. Di Valerio and V. Cardellini and F. L. Presti},
  address   = {Santa Clara Marriott, CA, USA},
  booktitle = {IEEE Sixth International Conference on Cloud Comput-ing},
  title     = {Optimal Pricing and Service Provisioning Strategies in Cloud Systems: A Stackelberg Game Approach},
  month     = {Jul.},
  year      = {2013},
  pages     = {115--122},
}

@INCOLLECTION{auction_algorithms_bertsekas,
  author    = {D. Bertsekas},
  title     = {Auction algorithms},
  booktitle = {Encyclopedia of Optimization},
  publisher = {Springer US},
  editor    = {C. Floudas and P. Pardalos, Eds},
  year      = {2001},
  pages     = {73--77}
}

@CONFERENCE{distributed_auction_algorithms_zavlanos,
  booktitle = {47th IEEE Conference on Decision and Control},
  author    = {M. Zavlanos and L. Spesivtsev and G. Pappas},
  title     = {A distributed auction algorithm for the assignment problem},
  month     = {Dec.},
  year      = {2008},
  pages     = {1212--1217},
}

@ARTICLE{iot_cloud_optimization_barcelo,
  author    = {M. Barcelo and A. Correa and J. Llorca and A. Tulino and J. L. Vicario and A.Morell},
  title     = {IoT-cloud service optimization in next generation smart environments},
  year      = {2016},
  month     = {Dec.},
  journal   = {IEEE Journal on Selected Areas in Communications},
  volume    = {34},
  number    = {12},
  pages     = {4070--4090}
}

@article{basic_queueing_sztrik,
  title     = {Basic queueing theory},
  author    = {Sztrik, J{\'a}nos},
  journal   = {University of Debrecen, Faculty of Informatics},
  volume    = {193},
  year      = {2012}
}

@book{bertsimas1997introduction,
  title     = {Introduction to linear optimization},
  author    = {Bertsimas, Dimitris and Tsitsiklis, John N},
  volume    = {6},
  year      = {1997},
  publisher = {Athena Scientific Belmont, MA}
}

@book{boyd2004convex,
  title={Convex optimization},
  author={Boyd, Stephen and Vandenberghe, Lieven},
  year={2004},
  publisher={Cambridge university press}
}
